@misc{penrose1979set,
  title={Set of tiles for covering a surface},
  author={Penrose, Roger},
  year={1979},
  month=jan # "~9",
  publisher={Google Patents},
  note={US Patent 4,133,152}
}

@article{penrose1979pentaplexity,
  title={Pentaplexity a class of non-periodic tilings of the plane},
  author={Penrose, Roger},
  journal={The mathematical intelligencer},
  volume={2},
  number={1},
  pages={32--37},
  year={1979},
  publisher={Springer}
}

@inproceedings{de1981algebraic1,
  title={Algebraic theory of Penrose's non-periodic tilings of the plane. I},
  author={de Bruijn, Nicolaas Govert},
  booktitle={Indagationes Mathematicae (Proceedings)},
  volume={84},
  number={1},
  pages={39--52},
  year={1981},
  organization={Elsevier}
}

@inproceedings{de1981algebraic2,
  title={Algebraic theory of Penrose's non-periodic tilings of the plane. II},
  author={De Bruijn, NG},
  booktitle={Indagationes Mathematicae (Proceedings)},
  volume={84},
  number={1},
  pages={53--66},
  year={1981},
  organization={Elsevier}
}

@article{de1990updown,
  title={Updown generation of Penrose patterns},
  author={De Bruijn, NG},
  journal={Indagationes Mathematicae},
  volume={1},
  number={2},
  pages={201--219},
  year={1990},
  publisher={Elsevier}
}

@inproceedings{de1986quasicrystals,
  title={Quasicrystals and their Fourier transform},
  author={De Bruijn, NG},
  booktitle={Indagationes Mathematicae (Proceedings)},
  volume={89},
  number={2},
  pages={123--152},
  year={1986},
  organization={Elsevier}
}

@article{ammann1992aperiodic,
  title={Aperiodic tiles},
  author={Ammann, Robert and Gr{\"u}nbaum, Branko and Shephard, Geoffrey Colin},
  journal={Discrete \& Computational Geometry},
  volume={8},
  number={1},
  pages={1--25},
  year={1992},
  publisher={Springer}
}

@article{robinson1996dynamical,
  title={The dynamical properties of Penrose tilings},
  author={Robinson Jr, E},
  journal={Transactions of the American Mathematical Society},
  volume={348},
  number={11},
  pages={4447--4464},
  year={1996}
}
